
@misc{LaTeXDocumentStructure,
  title = {{{LaTeX}}/{{Document Structure}} - {{Wikibooks}}, Open Books for an Open World},
  url = {https://en.wikibooks.org/wiki/LaTeX/Document\_Structure},
  langid = {english},
  file = {C\:\\Users\\User\\Zotero\\storage\\YTUVSSS9\\Document_Structure.html}
}

@misc{LaTeXLengthsWikibooks,
  title = {{{LaTeX}}/{{Lengths}} - {{Wikibooks}}, Open Books for an Open World},
  url = {https://en.wikibooks.org/wiki/LaTeX/Lengths},
  langid = {english},
  file = {C\:\\Users\\User\\Zotero\\storage\\ZG7ZSB9M\\Lengths.html}
}

@misc{LaTeXMathematicsWikibooks,
  title = {{{LaTeX}}/{{Mathematics}} - {{Wikibooks}}, Open Books for an Open World},
  url = {https://en.wikibooks.org/wiki/LaTeX/Mathematics},
  langid = {english},
  file = {C\:\\Users\\User\\Zotero\\storage\\ZG7ZSB9M\\Lengths.html}
}

@misc{LaTeXFontsWikibooks,
  title = {{{LaTeX}}/{{Fonts}} - {{Wikibooks}}, Open Books for an Open World},
  url = {https://en.wikibooks.org/wiki/LaTeX/Fonts},
  langid = {english},
  file = {C\:\\Users\\User\\Zotero\\storage\\ZG7ZSB9M\\Lengths.html}
}

@misc{LaTeXTablesWikibooks,
  title = {{{LaTeX}}/{{Tables}} - {{Wikibooks}}, Open Books for an Open World},
  url = {https://en.wikibooks.org/wiki/LaTeX/Tables},
  langid = {english},
  file = {C\:\\Users\\User\\Zotero\\storage\\ZG7ZSB9M\\Lengths.html}
}

@misc{LaTeXLabelsWikibooks,
  title = {{{LaTeX}}/{{Labels and Cross-referencing}} - {{Wikibooks}}, Open Books for an Open World},
  url = {https://en.wikibooks.org/wiki/LaTeX/Labels{\_}and{\_}Cross-referencing},
  langid = {english},
  file = {C\:\\Users\\User\\Zotero\\storage\\ZG7ZSB9M\\Lengths.html}
}

@misc{LaTeXBibliographyWikibooks,
  title = {{{LaTeX}}/{{Bibliography Management}} - {{Wikibooks}}, Open Books for an Open World},
  url = {https://en.wikibooks.org/wiki/LaTeX/Bibliography{\_}Management},
  langid = {english},
  file = {C\:\\Users\\User\\Zotero\\storage\\ZG7ZSB9M\\Lengths.html}
}

@misc{miktex,
  title = {Getting Mik\TeX},
  url = {https://miktex.org/download},
  langid = {english},
  file = {C\:\\Users\\User\\Zotero\\storage\\ZG7ZSB9M\\Lengths.html}
}
@misc{protex,
  title = {Pro\TeX\ - Mik\TeX -based distribution for Windows},
  url = {https://tug.org/protext/},
  langid = {english},
  file = {C\:\\Users\\User\\Zotero\\storage\\ZG7ZSB9M\\Lengths.html}
}
@misc{texlive,
  title = {\TeX\ Live on Windows},
  url = {https://tug.org/texlive/windows.html},
  langid = {english},
  file = {C\:\\Users\\User\\Zotero\\storage\\ZG7ZSB9M\\Lengths.html}
}
@misc{texmaker,
  title = {\TeX\ Maker - Free cross-platform LaTeX editor since 2003},
  url = {https://www.xm1math.net/texmaker/download.html},
  langid = {english},
  file = {C\:\\Users\\User\\Zotero\\storage\\ZG7ZSB9M\\Lengths.html}
}
@misc{overleaf,
  title = {Overleaf documentation},
  url = {https://www.overleaf.com/learn},
  langid = {english},
  file = {C\:\\Users\\User\\Zotero\\storage\\ZG7ZSB9M\\Lengths.html}
}



