@book{roller2010eratosthenes,
  title={Eratosthenes, ``Geography"},
  author={Roller, Duane W and others},
  year={2010},
  publisher={Princeton University Press}
}
@article{zubov2008physical,
  title={Physical views of Francesco-Maria Grimaldi (1618-1663)},
  author={Zubov, VP},
  journal={Questions of history of natural science and technology},
  volume={4},
  pages={3--34},
  year={2008}
}
@book{riccioliastronomiae,
  title={Astronomi{\ae} reformat{\ae}},
  author={Riccioli, Giovanni Battista},
  year={very long ago},
  publisher={some very old print}
}

@article{clotfelter1987cavendish,
  title={The Cavendish experiment as Cavendish knew it},
  author={Clotfelter, Beryl E},
  journal={American Journal of Physics},
  volume={55},
  number={3},
  pages={210--213},
  year={1987},
  publisher={American Association of Physics Teachers}
}