@book{heath2002works,
	title={The works of Archimedes},
	author={Heath, Thomas Little and others},
	year={2002},
	publisher={Courier Corporation}
	}

@article{arnould2007r,
	title={The r-process of stellar nucleosynthesis: Astrophysics and nuclear physics achievements and mysteries},
	author={Arnould, Marcel and Goriely, St{\'e}phane and Takahashi, Kohji},
	journal={Physics Reports},
	volume={450},
	pages={97--213},
	year={2007},
	publisher={Elsevier}
		}